|0000|018|0|01012024|31012024|SADAG SERVICO AEREO DE DEFESA AGRICOLA LTDA|47580428000114||SP|189017975115|3504008|3804||A|1|
|0001|0|
|0005|SADAG SERVICOS AEREO|19800220|Rua Padre David|1171||Centro|1899749419||ecc.adm@hotmail.com|
|0100|ALEXANDRE AUGUSTO COSTA|41169206816|1SP319527/O-8||19800021|AV. NOVE DE JULHO|793||CENTRO|||contabil1@bermejos.com.br|3504008|
|0150|02930181000180|A S CHIARINOTTI ME|1058|02930181000180||177038226119|3502804||RUA MARECHAL DEODORO|01694||VILA CARVALHO|
|0150|94121803000300|AMERICA SUL Materiais Aeron�uticos Ltda|1058|94121803000300||116846011115|3550308||MAJOR CAETANO DA COSTA|193||Santana|
|0150|15149203000111|AUTO POSTO BREMEN VALPARAISO LTDA|1058|15149203000111||710013050115|3556305||RUA NELSON SALESSE|015||PQ DAS MICRO E PEQUENAS EMPRES|
|0150|07177606000146|CAMARGO & TEIXEIRA LTDA ME|1058|07177606000146||177231959113|3502804||MARECHAL DEODORO|1903||VILA CARVALHO|
|0150|01070304000198|CRIAR INSUMOS AGRICOLAS LTDA|1058|01070304000198||210122217119|3506102||AVENIDA ELISIO DE OLIVEIRA|1128||VILA ALTO DO SUMARE|
|0150|52797656000180|MIKAELA GONCALVES DE PAULA SANDRE SILVA|1058|52797656000180||710045217118|3556305||Avenida AV GERALDO MAXIMILIANO LEITE|136||PARQUE DAS MICROS E PEQUENAS EMPRES|
|0150|45407409000165|NOVO POSTO MODELO LTDA|1058|45407409000165||189298380110|3504008||ROD RAPOSO TAVARES KM 444|0||ZONA RURAL|
|0150|11891896000243|PNEU FRE DO BRASIL COM.ELETRONICO LTDA|1058|11891896000243||257903801|4201307||RUA MARIANO SOARES|255||MORRO DO JACU|
|0150|33453598016631|RAIZEN S.A.|1058|33453598016631||513001803119|3536505||Av Sidney Cardon de Oliveira|2365||CASCATA|
|0150|58702838000107|RJ-ABASTECIMENTOS LTDA - EPP|1058|58702838000107|||3549805||AV AEROPORTO|S/N||VILA AEROPORTO|
|0150|44914992000138|RODONAVES TRANSP E ENCOMENDAS LTDA|1058|44914992000138||582249216111|3543402||RUA GENERAL AUGUSTO SOARES DOS SANTOS|550|CASA|PARQUE INDL LAGOINHA|
|0150|28124830000140|WALDENI MANTOVANI|1058|28124830000140||710025908110|3556305||Avenida DR RAMOS DE MOURAO|656||CENTRO|
|0150|56283039000118|XAVIER COMERCIO DE SOLDAS LTDA|1058|56283039000118||189033474113|3504008||RUA CAPITAO ASSIS|757||CENTRO|
|0150|04127524000107|XAVIER COMERCIO E SERVICOS DE ASSIS LTDA EPP|1058|04127524000107||189139333112|3504008||RUA CAPITAO ASSIS|736||CENTRO|
|0190|GL|GL|
|0190|L|LA|
|0190|LT|Litro|
|0190|MT|Metro|
|0190|PAR|PR|
|0190|PC|Pe�a|
|0190|PCA|PCA|
|0190|UN|Unidade|
|0200|003660|LAVADORA STIHL RE-100 - 220 V|0795711880811||UN|07|84243010||84||0|2109900|
|0200|004119|ATACADISTA - LUBRIFICANTE WD-40 SPRAY 300ML|7899676019705||UN|07|34031900||34||0|0601600|
|0200|007246|STIHL - 9645-951-3076 - ANEL DE VEDACAO VERDE|795711665012||PC|07|40169300||40||0||
|0200|01.01|LUBROPPA|SEM GTIN||LT|07|38089197||38||0||
|0200|010288|STIHL - 4775-510-0300 - PISTAO DE COMANDO RE 98|0795711916565||PC|07|84139190||84||0||
|0200|010479|STIHL - 9645-945-7497 - ANEL VEDACAO PRETO|0795711681494||PC|07|40169300||40||0||
|0200|010493|STIHL - 4775-510-0200 - VALVULA RETENCAO RE98|795711912703||PC|07|84813000||84||0|1007900|
|0200|010648|STIHL - 4775-700-6200 - KIT DE VALVULA|795711915674||PC|07|84813000||84||0|1007900|
|0200|014718|STIHL - 4775-760-7050 - JOGO PISTOES|0795711916473||PC|07|84139190||84||0||
|0200|1|GASOLINA COMUM|SEM GTIN||LT|07|27101259|000|27||0||
|0200|15521801|SHELL JET A GRANEL|SEM GTIN||L|07|27101911||27||0|0600500|
|0200|1593|CERA GRAND PRIX LATA 200Gr|7894650101018||UN|07|33074900|000|33||0||
|0200|184|REFEICAO|SEM GTIN||UN|07|21069090||21||0||
|0200|2|ETANOL COMUM|SEM GTIN||LT|07|22072019||22||0|0200400|
|0200|209/1|OLEO MOTOR|||UN|07|27101932||27||0||
|0200|3|OLEO DIESEL S-500|SEM GTIN||LT|07|27101921|000|27||0||
|0200|3075|LUVA NITRILICA SLIM TAM. EG C.A. 16313 / 40570 VOLK|SEM GTIN||PAR|07|40151900||40||0||
|0200|39|FILTRO DE OLEO LUBRIFICANTE WO340|SEM GTIN||UN|07|84212300||84||0|0103700|
|0200|4|GASOLINA COMUM|SEM GTIN||LT|07|27101259||27||0|0600200|
|0200|4128|DESENGRIPANTE BRIL LUB AEROSOL 300ML|7898307297734||UN|07|38249941|000|38||0||
|0200|4187|MACACO GARRAFA 05 TON. TITANIUM|SEM GTIN||PC|07|84254200||84||0|0104300|
|0200|4311|MANGUEIRA PVC USO GERAL AZUL 2|SEM GTIN||MT|07|39173900||39||0||
|0200|5|OLEO DIESEL S-10|SEM GTIN||LT|07|27101921|000|27||0||
|0200|6196|LUVA NITRILICA SLIM TAM M C.A. 16313 / 40570 VOLK|SEM GTIN||PC|07|40151900||40||0||
|0200|70095-1|CABO DE COMANDO|SEM GTIN||PC|07|88073000||88||0||
|0200|81|ENERGETICO RED BULL 250ML|611269991000||UN|07|22089000|000|22||0|0200100|
|0200|EMC-35MM|CABO DE BATERIA CB 35M|SEM GTIN||MT|07|85444900||85||0||
|0200|ETE-7016|TERMINAL BANDEIRA (MEDIO)|SEM GTIN||PCA|07|85369090||85||0||
|0200|GBC-003|SUP. DE BATERIA FUSCA|SEM GTIN||PCA|07|87082919||87||0||
|0200|M 100QD|BATERIA 100AMP MOURA FREE/|SEM GTIN||PCA|07|85071090||85||0||
|0200|MS24566-3B|ROLDANA GRANDE    MS24566-3B|SEM GTIN||PC|07|84835090||84||0||
|0200|P182043|FILTRO DE AR    P510337|SEM GTIN||UN|07|84213100||84||0|0104100|
|0200|PN000008777|PNEU 215/75R 17,5|||PC|07|40112090||40||0||
|0200|TEC-466|TERMINAL BATERIA PONTEIRA 35MM|SEM GTIN||PCA|07|85365090||85||0|0107000|
|0400|1407|MATERIAL DE USO E CONSUMO|
|0400|1556|MATERIAL DE USO E CONSUMO|
|0400|1653|COMBUSTIVEIS PARA USO E CONSUMO|
|0400|1949|SIMPLES REMESSA|
|0400|2407|MATERIAL DE USO E CONSUMO|
|0450|IMPNFE|Permite o aproveitamento do credito de ICMS no valor de|
|0990|67|
|B001|1|
|B990|2|
|z|0|
|C100|0|1|52797656000180|55|00|1|177|35240152797656000180550010000001771842574514|31012024|31012024|185|1|0|0|185|9|0|0|0|0|0|0|0|0|0|0|0|0|
|C170|1|39||1|UN|23,88|0|0|060|1407|1407|0|0|0|0|0|0|0|03||0|0|0|98|0|0|0|0|0|98|0|0|0|0|0|4.01.02.01|0|
|C170|2|209/1||4|GL|161,12|0|0|060|1407|1407|0|0|0|0|0|0|0|03||0|0|0|98|0|0|0|0|0|98|0|0|0|0|0|4.01.02.01|0|
|C190|060|1407|0|185|0|0|0|0|0|0||
|C100|0|1|28124830000140|55|00|1|819|35240128124830000140550010000008191127495065|03012024|03012024|1144,92|1|0|0|1144,92|0|0|0|0|0|0|0|0|0|0|0|0|0|
|C170|1|184||58|UN|1144,92|0|0|090|1556|1556|0|0|0|0|0|0|0|03||0|0|0|98|0|0|0|0|0|98|0|0|0|0|0|4.01.02.01|0|
|C190|090|1556|0|1144,92|0|0|0|0|0|0||
|C100|0|1|01070304000198|55|00|1|6386|35240101070304000198550010000063861328267782|17012024|17012024|2120|1|0|0|2120|1|0|0|0|0|0|0|0|0|0|0|0|0|
|C170|1|01.01||200|LT|2120|0|0|090|1556|1556|0|0|0|0|0|0|0|03||0|0|0|98|0|0|0|0|0|98|0|0|0|0|0|4.01.02.01|0|
|C190|090|1556|0|2120|0|0|0|0|0|0||
|C100|0|1|02930181000180|55|00|1|6534|35240102930181000180550010000065341005835390|26012024|26012024|1300|1|85|0|1385|9|0|0|0|0|0|0|0|0|0|0|0|0|
|C170|1|GBC-003||1|PCA|20|1,23|0|060|1653|1653|0|0|0|0|0|0|0|03||0|0|0|98|0|0|0|0|0|98|0|0|0|0|0|4.01.02.01|0|
|C170|2|ETE-7016||2|PCA|40|2,45|0|060|1653|1653|0|0|0|0|0|0|0|03||0|0|0|98|0|0|0|0|0|98|0|0|0|0|0|4.01.02.01|0|
|C170|3|M 100QD||1|PCA|1060|65,05|0|060|1653|1653|0|0|0|0|0|0|0|03||0|0|0|98|0|0|0|0|0|98|0|0|0|0|0|4.01.02.01|0|
|C170|4|TEC-466||3|PCA|20|1,23|0|060|1653|1653|0|0|0|0|0|0|0|03||0|0|0|98|0|0|0|0|0|98|0|0|0|0|0|4.01.02.01|0|
|C170|5|EMC-35MM||7|MT|245|15,04|0|060|1653|1653|0|0|0|0|0|0|0|03||0|0|0|98|0|0|0|0|0|98|0|0|0|0|0|4.01.02.01|0|
|C190|060|1653|0|1300|0|0|0|0|0|0||
|C100|0|1|15149203000111|55|00|4|11958|35240115149203000111550040000119581459621473|08012024|08012024|16595,39|1|0|0|16595,39|9|0|0|0|0|0|0|0|0|0|0|0|0|
|C170|6|81||1|UN|12|0|0|060|1407|1407|0|0|0|0|0|0|0|03||0|0|0|98|0|0|0|0|0|98|0|0|0|0|0|4.01.02.01|0|
|C170|7|1593||1|UN|30|0|0|060|1407|1407|0|0|0|0|0|0|0|03||0|0|0|98|0|0|0|0|0|98|0|0|0|0|0|4.01.02.01|0|
|C170|8|4128||1|UN|19|0|0|090|1556|1556|0|0|0|0|0|0|0|03||0|0|0|98|0|0|0|0|0|98|0|0|0|0|0|4.01.02.01|0|
|C170|1|1||21,79|LT|126,16|0|0|061|1653|1653|0|0|0|0|0|0|0|03||0|0|0|98|0|0|0|0|0|98|0|0|0|0|0|4.01.02.01|0|
|C170|2|2||1464,87|LT|4672,93|0|0|060|1653|1653|0|0|0|0|0|0|0|03||0|0|0|98|0|0|0|0|0|98|0|0|0|0|0|4.01.02.01|0|
|C170|3|2||3102,62|LT|10207,63|0|0|060|1653|1653|0|0|0|0|0|0|0|03||0|0|0|98|0|0|0|0|0|98|0|0|0|0|0|4.01.02.01|0|
|C170|4|3||120,64|LT|758,82|0|0|061|1653|1653|0|0|0|0|0|0|0|03||0|0|0|98|0|0|0|0|0|98|0|0|0|0|0|4.01.02.01|0|
|C170|5|5||120,32|LT|768,85|0|0|061|1653|1653|0|0|0|0|0|0|0|03||0|0|0|98|0|0|0|0|0|98|0|0|0|0|0|4.01.02.01|0|
|C190|060|1407|0|42|0|0|0|0|0|0||
|C190|090|1556|0|19|0|0|0|0|0|0||
|C190|060|1653|0|14880,56|0|0|0|0|0|0||
|C190|061|1653|0|1653,83|0|0|0|0|0|0||
|C100|0|1|15149203000111|55|00|4|12072|35240115149203000111550040000120721672611409|22012024|22012024|18178,92|1|0|0|18178,92|9|0|0|0|0|0|0|0|0|0|0|0|0|
|C170|5|1593||2|UN|60|0|0|060|1407|1407|0|0|0|0|0|0|0|03||0|0|0|98|0|0|0|0|0|98|0|0|0|0|0|4.01.02.01|0|
|C170|6|4128||1|UN|19|0|0|090|1556|1556|0|0|0|0|0|0|0|03||0|0|0|98|0|0|0|0|0|98|0|0|0|0|0|4.01.02.01|0|
|C170|1|1||27,3|LT|158,07|0|0|061|1653|1653|0|0|0|0|0|0|0|03||0|0|0|98|0|0|0|0|0|98|0|0|0|0|0|4.01.02.01|0|
|C170|2|2||5060,91|LT|16144,29|0|0|060|1653|1653|0|0|0|0|0|0|0|03||0|0|0|98|0|0|0|0|0|98|0|0|0|0|0|4.01.02.01|0|
|C170|3|3||146,48|LT|921,36|0|0|061|1653|1653|0|0|0|0|0|0|0|03||0|0|0|98|0|0|0|0|0|98|0|0|0|0|0|4.01.02.01|0|
|C170|4|5||137,12|LT|876,2|0|0|061|1653|1653|0|0|0|0|0|0|0|03||0|0|0|98|0|0|0|0|0|98|0|0|0|0|0|4.01.02.01|0|
|C190|060|1407|0|60|0|0|0|0|0|0||
|C190|090|1556|0|19|0|0|0|0|0|0||
|C190|060|1653|0|16144,29|0|0|0|0|0|0||
|C190|061|1653|0|1955,63|0|0|0|0|0|0||
|C100|0|1|45407409000165|55|00|1|19842|35240145407409000165550010000198421293080101|05012024|05012024|295,4|1|0|0|295,4|9|0|0|0|0|0|0|0|0|0|0|0|0|
|C170|1|2||54,36|LT|182,11|0|0|060|1653|1653|0|0|0|0|0|0|0|03||0|0|0|98|0|0|0|0|0|98|0|0|0|0|0|4.01.02.01|0|
|C170|2|4||20,6|LT|113,29|0|0|061|1653|1653|0|0|0|0|0|0|0|03||0|0|0|98|0|0|0|0|0|98|0|0|0|0|0|4.01.02.01|0|
|C190|060|1653|0|182,11|0|0|0|0|0|0||
|C190|061|1653|0|113,29|0|0|0|0|0|0||
|C100|0|1|45407409000165|55|00|1|20227|35240145407409000165550010000202271588536037|17012024|17012024|403,24|1|0|0|403,24|9|0|0|0|0|0|0|0|0|0|0|0|0|
|C170|1|2||120,37|LT|403,24|0|0|060|1653|1653|0|0|0|0|0|0|0|03||0|0|0|98|0|0|0|0|0|98|0|0|0|0|0|4.01.02.01|0|
|C190|060|1653|0|403,24|0|0|0|0|0|0||
|C100|0|1|04127524000107|55|00|0|31834|35240104127524000107550000000318341011642865|23012024|23012024|459,28|1|17,22|0|476,5|1|0|0|0|0|0|0|0|0|0|0|0|0|
|C170|1|010493||1|PC|62|2,24|0|060|1407|1407|0|0|0|0|0|0|0|03||0|0|0|98|0|0|0|0|0|98|0|0|0|0|0|4.01.02.01|0|
|C170|3|010648||1|PC|107|3,87|0|060|1407|1407|0|0|0|0|0|0|0|03||0|0|0|98|0|0|0|0|0|98|0|0|0|0|0|4.01.02.01|0|
|C170|2|010288||1|PC|142|5,13|0|090|1556|1556|0|0|0|0|0|0|0|03||0|0|0|98|0|0|0|0|0|98|0|0|0|0|0|4.01.02.01|0|
|C170|4|007246||1|PC|2,5|0,09|0|090|1556|1556|0|0|0|0|0|0|0|03||0|0|0|98|0|0|0|0|0|98|0|0|0|0|0|4.01.02.01|0|
|C170|5|010479||1|PC|3|0,11|0|090|1556|1556|0|0|0|0|0|0|0|03||0|0|0|98|0|0|0|0|0|98|0|0|0|0|0|4.01.02.01|0|
|C170|6|014718||1|PC|160|5,78|0|090|1556|1556|0|0|0|0|0|0|0|03||0|0|0|98|0|0|0|0|0|98|0|0|0|0|0|4.01.02.01|0|
|C190|060|1407|0|162,89|0|0|0|0|0|0||
|C190|090|1556|0|296,39|0|0|0|0|0|0||
|C100|0|1|94121803000300|55|00|0|38466|35240194121803000300550000000384661042522202|05012024|05012024|796,45|2|0|0|796,45|0|0|0|0|0|0|0|0|0|0|0|0|0|
|C170|1|P182043||1|UN|796,45|0|0|090|1949|1949|0|0|0|0|0|0|0|03||0|0|0|98|0|0|0|0|0|98|0|0|0|0|0|4.01.02.01|0|
|C190|090|1949|0|796,45|0|0|0|0|0|0||
|C100|0|1|94121803000300|55|00|0|38534|35240194121803000300550000000385341271105148|18012024|18012024|2004|1|2,61|0|1971,61|1|35|0|0|0|0|0|0|0|0|0|0|0|
|C170|1|70095-1||1|PC|1797,89|2,39|0|090|1556|1556|0|0|0|0|0|0|0|03||0|0|0|98|0|0|0|0|0|98|0|0|0|0|0|4.01.02.01|0|
|C170|2|MS24566-3B||1|PC|173,72|0,22|0|090|1556|1556|0|0|0|0|0|0|0|03||0|0|0|98|0|0|0|0|0|98|0|0|0|0|0|4.01.02.01|0|
|C190|090|1556|0|2004|0|0|0|0|0|0||
|C100|0|1|07177606000146|55|00|2|57036|35240107177606000146550020000570361057036009|17012024|17012024|493|1|0|0|493|9|0|0|0|0|0|0|0|0|0|0|0|0|
|C110|IMPNFE|R$  9.45, correspondente � aliquota de  3.07 nos termos do art. 23 da LC123/2006|
|C170|4|4187||1|PC|185,23|0|0|060|1407|1407|0|0|0|0|0|0|0|03||0|0|0|98|0|0|0|0|0|98|0|0|0|0|0|4.01.02.01|0|
|C170|1|4311||8|MT|262,17|0|0|090|1556|1556|0|0|0|0|0|0|0|03||0|0|0|98|0|0|0|0|0|98|0|0|0|0|0|4.01.02.01|0|
|C170|2|3075||2|PAR|20,9|0|0|090|1556|1556|0|0|0|0|0|0|0|03||0|0|0|98|0|0|0|0|0|98|0|0|0|0|0|4.01.02.01|0|
|C170|3|6196||2|PC|24,7|0|0|090|1556|1556|0|0|0|0|0|0|0|03||0|0|0|98|0|0|0|0|0|98|0|0|0|0|0|4.01.02.01|0|
|C190|060|1407|0|185,23|0|0|0|0|0|0||
|C190|090|1556|0|307,77|0|0|0|0|0|0||
|C100|0|1|56283039000118|55|00|0|67476|35240156283039000118550000000674761011642821|23012024|23012024|2079|1|16|0|2095|0|0|0|0|0|0|0|0|0|34,56|159,22|0|0|
|C170|1|003660||1|UN|1999|15,27|0|060|1407|1407|0|0|0|0|0|0|0|03||0|0|0|98|0|0|0|0|0|98|0|0|0|0|0|4.01.02.01|0|
|C170|2|004119||2|UN|96|0,73|0|060|1407|1407|0|0|0|0|0|0|0|03||0|0|0|98|0|0|0|0|0|98|0|0|0|0|0|4.01.02.01|0|
|C190|060|1407|0|2079|0|0|0|0|0|0||
|C100|0|1|11891896000243|55|00|001|1202105|42240111891896000243550010012021051623029278|16012024|16012024|1380,28|1|0|0|1380,28|9|0|0|0|0|0|0|0|0|0|0|0|0|
|C170|1|PN000008777||1|PC|1380,28|0|0|060|2407|2407|0|0|0|0|0|0|0|03||0|0|0|98|0|0|0|0|0|98|0|0|0|0|0|4.01.02.01|0|
|C190|060|2407|0|1380,28|0|0|0|0|0|0||
|C100|0|1|33453598016631|55|00|1|2324488|35240133453598016631550010023244881947018840|22012024|22012024|27100|1|0|0|27100|1|0|0|0|0|0|0|0|0|0|0|0|0|
|C170|1|15521801||5000|L|27100|0|0|090|1653|1653|0|0|0|0|0|0|0|03||0|0|0|98|0|0|0|0|0|98|0|0|0|0|0|4.01.02.01|0|
|C190|090|1653|0|27100|0|0|0|0|0|0||
|C990|85|
|D001|0|
|D100|0|1|58702838000107|57|00|1|0|1303|35240158702838000107570010000013031000103835|22012024|22012024|0||2250|0||0|0|0|0||4.01.02.01|3506102|3504008|
|D190|090|1353|0|2250|0|0|0||
|D100|0|1|44914992000138|57|00|1|0|42807298|35240144914992000138570010428072981428072989|17012024|17012024|0||353,02|0|1|353,02|0|0|0||4.01.02.01|3506102|3504008|
|D190|090|1353|0|353,02|0|0|0||
|D990|6|
|E001|0|
|E100|01012024|31012024|
|E110|0|0|0|0|0|0|0|0|0|0|0|0|0|0|
|E990|4|
|G001|1|
|G990|2|
|H001|1|
|H990|2|
|K001|1|
|K990|2|
|1001|0|
|1010|N|N|N|N|N|N|N|N|N|N|N|N|N|
|1990|3|
|9001|0|
|9900|0000|1|
|9900|0001|1|
|9900|0005|1|
|9900|0100|1|
|9900|0150|14|
|9900|0190|8|
|9900|0200|34|
|9900|0400|5|
|9900|0450|1|
|9900|0990|1|
|9900|1001|1|
|9900|1010|1|
|9900|1990|1|
|9900|9001|1|
|9900|9990|1|
|9900|9999|1|
|9900|B001|1|
|9900|B990|1|
|9900|C001|1|
|9900|C100|15|
|9900|C110|1|
|9900|C170|43|
|9900|C190|24|
|9900|C990|1|
|9900|D001|1|
|9900|D100|2|
|9900|D190|2|
|9900|D990|1|
|9900|E001|1|
|9900|E100|1|
|9900|E110|1|
|9900|E990|1|
|9900|G001|1|
|9900|G990|1|
|9900|H001|1|
|9900|H990|1|
|9900|K001|1|
|9900|K990|1|
|9900|9900|39|
|9990|42|
|9999|215|
